@misc{AlbanyWeb,
  author =	 {Sandia National Laboratories},
  title =	 {\textsc{lcm}: Laboratory for COmputational
                  Mechanics},
  month =	 {Oct},
  year =	 2012,
  url =		 {https://development.sandia.gov/Albany/lcm.html}
}

@misc{TrilinosWeb,
  author = {Sandia National Laboratories},
  title =	 {{The Trilinos Project}},
  url =		 {http://trilinos.sandia.gov/}
}

@misc{PhalanxWeb,
  author = {Sandia National Laboratories},
  year =	 2012,
  title =	 {{Phalanx}},
  url =		 {http://trilinos.sandia.gov/packages/phalanx}
}

@misc{SacadoWeb,
  author = {Sandia National Laboratories},
  year =	 2012,
  title =	 {{Sacado}},
  url =		 {http://trilinos.sandia.gov/packages/sacado}
}

@misc{IntrepidWeb,
  author = {Sandia National Laboratories},
  year =	 2012,
  title =	 {{Intrepid}},
  url =		 http://trilinos.sandia.gov/packages/intrepid
}

@misc{ShardsWeb,
  author = {Sandia National Laboratories},
  year =	 2012,
  title =	 {{Shards}},
  url =		 http://trilinos.sandia.gov/packages/shards
}
